<record><leader>00000cas a22000007a 4500</leader><controlfield tag="001">31138182</controlfield><controlfield tag="008">940919d18931918nyudn ne      0    0eng d</controlfield><datafield ind1=" " ind2=" " tag="010"><subfield code="a">sn 94057924 </subfield></datafield><datafield ind1=" " ind2=" " tag="040"><subfield code="a">NYS</subfield><subfield code="b">eng</subfield><subfield code="c">NYS</subfield><subfield code="d">OCLCQ</subfield></datafield><datafield ind1=" " ind2=" " tag="042"><subfield code="a">msc</subfield></datafield><datafield ind1="0" ind2=" " tag="130"><subfield code="a">Niagara Falls gazette (Niagara Falls, N.Y. : 1893)</subfield></datafield><datafield ind1="1" ind2="0" tag="245"><subfield code="a">Niagara Falls gazette.</subfield></datafield><datafield ind1=" " ind2=" " tag="260"><subfield code="a">Niagara Falls, N.Y. :</subfield><subfield code="b">The Gazette,</subfield><subfield code="c">1893-1918.</subfield></datafield><datafield ind1=" " ind2=" " tag="300"><subfield code="a">v.</subfield></datafield><datafield ind1=" " ind2=" " tag="310"><subfield code="a">Daily (except Sunday)</subfield></datafield><datafield ind1="0" ind2=" " tag="362"><subfield code="a">Mar 17, 1893-Apr. 8, 1893 ; vol. 1, no. 21 (Apr. 10, 1893)-v. 26, no. 65 (June 1, 1918).</subfield></datafield><datafield ind1=" " ind2="4" tag="651"><subfield code="a">Niagara Falls (N.Y.)</subfield><subfield code="v">Newspapers.</subfield></datafield><datafield ind1=" " ind2=" " tag="752"><subfield code="a">United States</subfield><subfield code="b">New York</subfield><subfield code="c">Niagara</subfield><subfield code="d">Niagara Falls.</subfield></datafield><datafield ind1="0" ind2=" " tag="775"><subfield code="t">Niagara Falls gazette (Niagara Falls, N.Y. : Weekly)</subfield><subfield code="w">(DLC)sn 83031373</subfield></datafield><datafield ind1="0" ind2="7" tag="785"><subfield code="t">Niagara Falls journal (Niagara Falls, N.Y. : Daily)</subfield><subfield code="w">(DLC)sn 84031911</subfield></datafield><datafield ind1="0" ind2="7" tag="785"><subfield code="t">Niagara Falls gazette and journal</subfield><subfield code="w">(DLC)sn 94057951</subfield><subfield code="w">(OCoLC)31348310</subfield></datafield><datafield ind1="1" ind2=" " tag="029"><subfield code="a">AU@</subfield><subfield code="b">000011276887</subfield></datafield></record>